% This file was created with JabRef 2.10.
% Encoding: Cp1252


@Article{Afzal:2015,
  Title                    = {The Cognitive Internet of Things: A Unified Perspective},
  Author                   = {Afzal, Asma and Zaidi, Syed Ali and Shakir, Muhammad Zeeshan and Imran, Muhammad Ali and Ghogho, Mounir and Vasilakos, Athanasios V. and Mclernon, Desmond C. and Qaraqe, Khalid},
  Journal                  = {Mobile Networks and Applications},
  Year                     = {2015},

  Month                    = feb,
  Number                   = {1},
  Pages                    = {72--85},
  Volume                   = {20},

  ISSN                     = {1383-469X},
  Issue_date               = {February 2015}
}

@InProceedings{Alcaraz:2010,
  Title                    = {Wireless Sensor Networks and the Internet of Things: Do We Need a Complete Integration?},
  Author                   = {Cristina Alcaraz and Pablo Najera and Javier Lopez and Rodrigo Roman},
  Booktitle                = {1st International Workshop on the Security of the Internet of Things (SecIoT{\textquoteright}10)},
  Year                     = {2010},

  Address                  = {Tokyo (Japan)},
  Month                    = {December}
}

@Book{Ibnkahla:2012,
  Title                    = {Wireless Sensor Networks: A Cognitive Perspective},
  Author                   = {Ibnkahla, Mohamed},
  Publisher                = {CRC Press, Inc.},
  Year                     = {2012},

  Address                  = {Boca Raton, FL, USA},

  ISBN                     = {1439852774, 9781439852774}
}

@InProceedings{Intanagonwiwat:2000,
  Title                    = {Directed Diffusion: A scalable and robust communication paradigm for sensor networks},
  Author                   = {Chalermek Intanagonwiwat and Ramesh Govindan and Deborah Estrin},
  Booktitle                = {MOBICOM 00},
  Year                     = {2000},

  Address                  = {New York, NY, USA},
  Pages                    = {56--67},
  Publisher                = {ACM},

  Doi                      = {10.1145/345910.345920},
  ISBN                     = {1-58113-197-6},
  Location                 = {Boston, Massachusetts, USA}
}

@InProceedings{Li:2010,
  Title                    = {Efficient Traffic Aware Multipath Routing Algorithm in Cognitive Networks},
  Author                   = {Li, Jie and Wang, Xingwei and Li, Feng and Jia, Jie},
  Booktitle                = {Proceedings of the 2011 Fifth International Conference on Genetic and Evolutionary Computing},
  Year                     = {2011},

  Address                  = {Washington, DC, USA},
  Pages                    = {303--306},
  Publisher                = {IEEE Computer Society},
  Series                   = {ICGEC '11},

  Acmid                    = {2057299},
  Doi                      = {10.1109/ICGEC.2011.75},
  ISBN                     = {978-0-7695-4449-6},
  Keywords                 = {cognitive networks, traffic prediction, multipath routing, ETAMR, ATPRA},
  Numpages                 = {4},
  Url                      = {http://dx.doi.org/10.1109/ICGEC.2011.75}
}

